2662 4836
381 1406 857 1497 PRAEFATIO.

516 1697 723 1712 —---—-

61 1875 144 1968 lluo
171 1918 270 1979 erunt,
302 1925 385 1990 quae
412 1903 514 1968 literis
535 1907 675 1989 antiquis
697 1918 783 1968 recte
808 1908 1041 1990 cognoscendis
1062 1911 1168 1974 moxl-

60 2048 100 2085 me
122 2021 304 2084 videantur
335 2021 472 2084 officere.
513 2022 659 2087 Alterum
687 2039 752 2100 est,
785 2024 869 2109 quod
899 2029 950 2110 qui
982 2027 1106 2090 Graece
1135 2041 1169 2091 et

61 2140 173 2203 Latine
208 2140 361 2200 nesciunt
391 2153 423 2202 et
445 2142 576 2205 arduam
598 2143 730 2223 peritiae
757 2142 916 2226 parandae
943 2146 1027 2207 viam
1059 2167 1168 2229 asper·

62 2275 185 2335 eantur,
225 2256 424 2321 Sanscritice
446 2259 606 2324 balbutire
628 2259 769 2336 malunt,
797 2282 859 2344 qua
887 2263 977 2345 quasi
1009 2262 1167 2325 communi

64 2372 240 2457 linguarum
266 2377 411 2438 omnium
431 2375 523 2441 clave
542 2380 592 2441 usi
615 2380 808 2463 perspiciant
827 2383 990 2463 protinus,
1014 2378 1090 2463 quid
1105 2378 1169 2441 dici

66 2498 189 2572 potnerit
213 2493 420 2569 debueritne,
436 2516 591 2579 quaenam
611 2496 703 2578 origo
727 2509 758 2554 et
780 2493 835 2556 lex
862 2494 1089 2558 llectendarurn
1106 2492 1168 2556 dif-

72 2606 348 2696 lt'ngeodarutuque
368 2633 498 2688 vocum,
526 2635 606 2697 quae
623 2613 779 2675 serruonis
794 2614 835 2674 sit
850 2613 935 2675 inter
948 2611 1085 2697 populos
1102 2634 1167 2676 nra·

64 2730 142 2788 niune
152 2729 293 2789 dissitos
302 2726 477 2790 similitudo
488 2743 518 2792 et
528 2730 619 2812 quasi
629 2733 880 2825 pugnatio‚;.fqgo
893 2753 1013 2814 genere
1025 2730 1167 2815 philoso-

58 2846 172 2926 plmndi
187 2860 221 2907 et
237 2848 406 2928 imperitos
416 2846 529 2909 lallunt
539 2847 691 2929 speciosis
703 2821 841 2912 inuentis
848 2823 1075 2934 {recondendis
1085 2869 1165 2932 quae

58 2963 177 3025 scilice:
200 2967 304 3047 ipsam
326 2961 464 3026 callendi
486 2962 660 3027 medullam
682 2968 885 3055 contineant,
907 2981 939 3029 et
964 2965 1165 3048 suoingcnio

59 3082 105 3140 ita
127 3080 318 3155 abutuntur,
341 3095 376 3141 ut
398 3104 479 3164 quae
499 3081 611 3144 borum
633 3059 1100 3175 studiorum'diligentissimos
1115 3082 1165 3143 fu·

63 3196 180 3277 giant,
202 3196 237 3255 ab
253 3197 391 3261 indoctis
419 3213 543 3281 reperta
566 3221 638 3261 esse
662 3202 795 3283 primunr
816 3176 889 3275 sibi,
920 3199 1036 3264 deinde
1067 3202 1164 3264 etiarn

57 3313 134 3373 aliis
167 3316 359 3395 persuadere
386 3314 534 3378 audeant.
580 3316 651 3398 Ego
680 3315 862 3378 Senseritae
893 3315 1024 3401 linguae
1054 3317 1165 3400 cogni-

55 3436 176 3492 tionem
199 3428 444 3519 haudquaquam
468 3432 610 3517 despicio
632 3431 882 3496 abiiciendatuve
901 3434 1056 3511 arbitror,
1077 3450 1109 3496 et
1129 3435 1163 3496 iu

54 3548 235 3631 originibus
267 3552 449 3631 linguarum
486 3548 677 3631 indagandis
707 3570 857 3631 magnum
888 3551 1045 3634 quoddam
1077 3550 1163 3613 illius

54 3686 252 3730 rrromentum
269 3689 339 3731 esse
356 3671 441 3740 scio;
464 3668 520 3731 sed
541 3681 709 3751 antequam
726 3686 769 3727 ex
786 3664 882 3729 rebus
899 3682 963 3730 tam
977 3664 1162 3752 longinquis

55 3788 189 3851 necdum
207 3789 290 3850 satis
307 3801 393 3850 certo
412 3788 549 3867 cognitis
567 3782 788 3867 comparandis
802 3783 952 3868 proficias
966 3786 999 3846 in
1011 3784 1162 3847 Graecae

63 3906 256 3968 saburratae
277 3904 406 3986 linguae
429 3903 580 3975 scientia,
604 3901 768 3963 sciendum
790 3904 878 3983 prius
898 3900 1018 3965 Graece
1040 3914 1072 3963 et
1093 3901 1159 3964 loa·

55 4024 112 4085 tine
133 4021 293 4096 videtur,
314 4033 347 4081 et
368 4016 600 4102 exquirendum
624 4032 717 4092 ante,
738 4016 813 4101 quid
834 4019 953 4082 dictum
971 4021 1012 4081 sit
1033 4018 1159 4103 dicique

53 4136 200 4213 licuerit,
229 4156 322 4221 quam
346 4132 503 4220 quomodo
526 4154 565 4194 eo
592 4148 780 4216 perventum
801 4136 842 4198 sit
863 4141 1060 4219 pronunties.
1105 4139 1160 4203 Sic

52 4280 129 4341 qnae
153 4255 267 4341 perite
288 4255 462 4338 peritorum
484 4251 630 4315 munibus
651 4250 875 4316 administrata
898 4269 1047 4338 prosunt,
1080 4255 1160 4319 udo·

50 4370 307 4438 leseeutulorum
333 4365 570 4457 ‹loxqotoo'pwr
600 4370 740 4434 vanitate
755 4387 889 4435 nocent,
930 4369 1075 4436 Alterum
1098 4385 1157 4448 est,
