2662 4836
169 292 205 335 Π

142 434 259 527 'quod
290 447 400 503 exstat
427 457 532 521 genus
560 434 721 523 quoddam
749 430 1000 516 philologornrn‚
1034 431 1089 516 qni
1122 453 1194 495 euru
1221 445 1278 497 ant
1307 412 1313 423 ¹

173 554 318 617 nesciant
339 566 395 618 aut
420 553 524 618 nolint
548 569 649 618 artam
669 548 909 636 grarnnrutieanr
939 549 1122 633 perdiserte
1150 549 1279 616 sobrio-

88 686 91 691 “
173 690 234 754 qne
258 670 378 735 indicio
409 694 537 757 oprrnnt
563 673 660 751 darre,
690 685 720 732 et
745 667 807 750 ipsi
830 665 892 729 iroo
922 682 1022 751 ngunt
1043 681 1075 731 at
1098 667 1280 751 discipulos

172 787 220 849 ita
246 790 435 866 instituunt,
465 805 500 852 nt
532 788 622 853 libris
646 788 718 852 aliis
751 801 783 848 ot
814 782 886 848 aliis
916 788 1087 871 quotannis
1118 788 1151 848 in
1172 783 1278 850 lneern

173 904 354 968 emittendis
373 907 579 991 scriptorum,
598 913 628 971 sl
648 905 718 970 tisri
741 905 860 991 possit,
883 907 1023 967 ornuintu
1042 900 1194 991 reliquias
1212 903 1278 969 eol-

172 1019 295 1105 ligrre,
315 1026 466 1090 instorias
489 1026 614 1092 urbinrn
637 1037 670 1089 et
689 1024 851 1088 eiritatnrn
874 1038 1068 1108 pertense,
1096 1043 1168 1097 res,
1196 1023 1274 1100 inra,

172 1136 282 1221 lege8‚
305 1143 450 1206 instituta
472 1142 602 1227 publiea
623 1157 656 1205 et
677 1143 821 1225 prirnta,
840 1139 951 1204 literas
970 1155 1004 1203 et
1024 1154 1109 1205 artes
1133 1154 1165 1202 et
1185 1138 1274 1225 qnid·

173 1253 250 1338 quid
272 1256 313 1318 nd
331 1262 554 1349 antiquitatem
578 1261 755 1325 accuratius
775 1257 1031 1342 eognoseeudaur
1052 1264 1190 1342 pertinet
1213 1278 1279 1320 non

173 1371 344 1455 diligenter
374 1377 621 1447 iilustrnndrnn.
655 1373 711 1438 sed
743 1373 857 1438 leviter
887 1373 1038 1456 iuspeetis
1067 1372 1278 1458 scriptoribus

172 1494 315 1554 ntnxirno
337 1496 496 1570 indic-uu,
519 1496 571 1578 qui
598 1508 771 1567 vocantur,
799 1490 921 1555 diritiis
944 1487 1154 1574 ootnpiiandis
1175 1487 1280 1572 degu-

174 1608 324 1672 standum
353 1611 413 1673 sibi
444 1624 579 1673 snnrant.
632 1607 675 1671 Hi
708 1629 747 1674 ea
773 1623 903 1673 utuntur
932 1606 1101 1671 rarbortnn
1131 1606 1279 1689 rnaguifi-

174 1726 293 1801 euntia,
311 1742 346 1788 ut
368 1741 401 1789 ot
424 1725 484 1789 soii
508 1725 569 1789 sibi
592 1723 703 1791 literas
724 1729 870 1812 antiquas
892 1727 1085 1809 cognovisse
1109 1725 1279 1788 rideantur

173 1852 207 1915 et
226 1844 337 1906 natiro
360 1844 497 1927 qnoduur
521 1845 588 1909 reri
609 1859 641 1908 et
667 1844 790 1930 pulchri
815 1865 910 1909 sensu
937 1866 1009 1909 sese
1035 1843 1200 1928 praeditos
1230 1844 1280 1905 ia·

173 1969 279 2036 stent,
305 1982 367 2044 quo
391 1964 443 2046 qni
468 1964 641 2027 instructus
664 1965 811 2040 nonsit,
840 1985 913 2026 enin
941 1979 1027 2026 reete
1058 1961 1280 2045 intelligendis

173 2071 239 2145 iliis
267 2075 363 2141 rahns
393 2081 546 2163 irnparern
575 2095 607 2143 et
636 2080 727 2165 quasi
759 2100 823 2143 non
861 2079 979 2143 faenrnr
1009 2101 1079 2143 esse
1110 2075 1279 2144 adiuuant.

172 2185 241 2256 Itnn
265 2197 350 2259 enirn
372 2195 412 2259 ad
436 2196 467 2261 id
499 2211 684 2281 perveutrnu
714 2213 763 2262 est
793 2195 967 2273 antiociae,
1000 2209 1035 2261 nt
1060 2217 1134 2259 enrn
1165 2195 1278 2270 rirnrn,

174 2309 289 2395 quide
312 2325 378 2376 tota
399 2315 588 2399 antiquitate
608 2318 711 2400 perite
734 2312 949 2379 existimanda
970 2312 1092 2397 ingenii
1120 2313 1277 2384 uerrruine,

172 2425 334 2495 indicandi
359 2429 523 2511 sollertia,
552 2432 717 2518 praeclara
745 2432 890 2516 scriptis,
917 2428 1144 2513 discipulorum
1173 2420 1279 2487 tuniti-

173 2543 284 2611 tndiua
305 2547 349 2609 itu
373 2551 507 2627 rneruit,
530 2564 566 2613 nt
586 2572 683 2635 pares
704 2571 841 2635 pancos,
864 2551 1062 2634 superiorein
1084 2544 1201 2610 habent
1223 2562 1279 2605 ne·

173 2660 291 2729 nrinern
313 2698 351 2710 -
383 2676 418 2729 nt
446 2687 538 2739 onnr,
570 2668 719 2751 iuquam,
750 2688 809 2733 noe
836 2679 1002 2750 poetarurn
1029 2676 1172 2726 reternrn
1202 2660 1281 2722 artis

173 2780 360 2855 universae,
384 2800 443 2842 nee
464 2781 664 2864 singulornrn
685 2781 841 2847 diotorrnn
863 2793 949 2844 reete
971 2793 1209 2867 perspectornnr
1224 2774 1280 2837 do·

174 2911 321 2961 trnuenta
347 2898 414 2963 niia
442 2897 571 2960 dedisse
593 2894 733 2963 fidenter
753 2898 881 2985 qnidarn
903 2895 1148 2980 pronuntiarint.
1189 2889 1282 2958 liidi-

176 3012 258 3080 cnie.
280 3016 396 3099 inquis.
439 3013 561 3079 Verurn
584 3002 644 3078 est.
685 3015 750 3080 Sed
772 3018 847 3101 quia
867 3013 983 3098 rnlgns
1005 3035 1046 3076 en
1064 3008 1199 3073 andacia
1224 3005 1281 3069 de-

111 3132 115 3143 '
177 3131 240 3215 cipi
262 3154 334 3197 sese
350 3134 484 3219 patitur,
501 3147 533 3195 et
554 3132 680 3200 fortiter
699 3148 810 3198 eontra
828 3135 941 3196 inanes
962 3152 1040 3195 snae
1063 3128 1281 3214 praestantiae

167 3246 344 3313 *iactaturus
368 3248 593 3334 pugnandum,
621 3264 653 3314 et
676 3251 707 3319 id
738 3253 899 3335 agendum
921 3249 1066 3326 ridetur,
1089 3260 1123 3307 ut
1143 3244 1283 3327 diligen·

150 3379 225 3431 ‘ter
254 3366 448 3431 exercendis
476 3365 599 3431 artibus
627 3369 738 3433 eritiea
767 3382 799 3433 et
825 3366 1053 3452 gmmnratiou,
1081 3363 1283 3445 antiquitatis

177 3483 281 3547 ornuis
316 3482 559 3567 cognoscendae
590 3484 753 3564 sontibus,
786 3500 893 3553 tantae
923 3481 1079 3544 bonarnnr
1115 3479 1283 3549 litor-annu

177 3600 329 3684 perniciei
360 3600 544 3667 obsistatur.
594 3601 716 3669 Verntn
740 3617 825 3667 artas
854 3598 931 3666 iliae
961 3617 1024 3660 nen
1057 3601 1134 3660 satis
1163 3615 1284 3665 certrnn

171 3715 260 3775 'riarn
291 3714 457 3793 insistent,
490 3719 550 3779 nisi
582 3720 734 3781 materies
762 3730 836 3785 outo
860 3734 1015 3800 congesta
1043 3716 1207 3779 iudicandi
1229 3721 1282 3798 ait,

178 3848 237 3892 nee
259 3833 338 3894 satis
358 3831 542 3915 proiiaietnr
570 3835 603 3897 in
623 3837 771 3899 universa
795 3836 930 3919 quadarn
954 3834 1064 3919 lingna
1084 3842 1282 3919 coguososm

145 3988 147 3993 ,
178 3944 237 4022 da,
269 3949 331 4010 nisi
359 3947 556 4031 singularum
591 3965 730 4021 nataturo
760 3970 790 4014 et
823 3956 1065 4039 praeeipnonnn
1091 3954 1279 4038 scriptorum

178 4084 258 4129 usus
287 4077 320 4127 et
349 4064 438 4149 quusi
473 4062 563 4149 leges
592 4070 749 4133 sertnonit
779 4087 924 4137 accurata
959 4070 1178 4154 explorentur.
1226 4065 1281 4131 dd

147 4220 150 4225 -
179 4179 260 4244 hane
285 4203 353 4246 reru
375 4195 410 4246 nt
434 4197 586 4269 qnuutnnr
609 4189 641 4248 iu
665 4207 716 4248 rne
738 4202 788 4251 est
809 4189 1007 4266 conferrent,
1038 4204 1113 4255 anta
1142 4187 1201 4250 hor
1228 4204 1281 4246 ro·

148 4311 265 4381 ··-pteru
287 4318 389 4364 annot
410 4301 558 4367 Lericoa
580 4299 787 4387 Sophocleum
802 4326 992 4395 oonrpouero
1011 4326 1185 4392 aggressus
1200 4324 1280 4370 snm.
