2662 4836
156 298 218 340 tm

157 444 234 507 tiam
258 439 381 506 nullam
403 450 612 522 consecutae,
642 442 700 511 ted
723 444 889 511 hominum
912 444 1049 511 fortunae
1072 465 1135 509 non
1157 445 1260 511 muln-

156 584 246 641 rum,
268 560 326 625 ted
347 558 479 627 minime
501 577 588 628 certe
611 565 842 649 perspicaciam
863 563 969 628 studia
992 561 1129 627 adversa
1145 578 1177 628 et
1193 568 1264 629 ani-

155 702 225 745 mun
247 678 341 743 loetle
364 681 509 765 ingratos
528 696 682 767 expertus
703 700 786 747 ιιιιιι.
830 680 907 744 Vidi
932 682 1016 743 enim
1040 697 1100 743 nee
1129 681 1262 766 ingenio

155 818 215 861 uec
238 796 383 860 doctrina
406 799 646 863 eomutendatoe
668 798 813 863 homines
832 798 880 863 ite
902 797 1058 862 errruulari
1080 799 1201 882 gratia,
1226 815 1263 862 ut

155 931 322 979 munerum
351 927 384 976 et
412 912 568 978 bonorum
600 915 753 1001 quidquid
784 912 903 978 vellent
932 912 1078 977 sttruendi
1108 928 1141 976 et
1170 919 1262 1001 quasi

155 1030 290 1117 optandi
313 1030 542 1097 concederetur
563 1048 724 1121 potestas:
747 1037 883 1116 cognovi
907 1034 1014 1109 etiam,
1037 1031 1071 1095 id
1094 1031 1179 1115 quod
1193 1055 1264 1096 ma·

152 1149 205 1213 ius
225 1163 291 1228 est,
311 1150 418 1214 studia
439 1148 606 1216 literarum
628 1166 661 1214 et
683 1149 848 1215 doetrinae
869 1148 1039 1233 augendae
1062 1147 1263 1235 diligentiam

153 1280 305 1355 tanquam
335 1269 465 1335 inanem
494 1290 527 1336 et
554 1292 575 1335 a
597 1271 815 1355 praeceptoris
835 1286 967 1331 numere
994 1262 1132 1330 alienam
1161 1269 1262 1332 iaeta-

154 1386 275 1451 tiunam
296 1389 390 1451 unico
414 1388 557 1472 prolecto
577 1399 651 1475 poet
673 1402 802 1448 renatae
824 1384 935 1447 literas
957 1380 1110 1465 exemplo
1127 1380 1224 1446 abiici
1240 1407 1262 1449 a

152 1499 317 1567 nonnullis
339 1515 372 1565 et
394 1502 579 1585 vituperari.
609 1498 706 1565 Talia
727 1503 803 1588 quin
826 1501 967 1563 animum
989 1498 1140 1583 inungant
1156 1501 1260 1564 vires·

153 1642 215 1708 que
235 1617 406 1685 debilitent
427 1641 496 1684 euru
519 1619 591 1683 fieri
614 1618 673 1682 rix
696 1619 815 1703 possit,
837 1616 977 1682 lectores
1000 1637 1077 1694 oro,
1110 1630 1145 1681 ut
1167 1620 1260 1703 igno-

151 1751 254 1814 neant,
277 1735 362 1823 quod
385 1738 501 1815 serius,
521 1759 615 1822 qtram
636 1738 863 1822 promiseram,
884 1734 1081 1799 liberarem
1102 1736 1259 1803 inlunem

151 1852 313 1944 publicam
333 1856 497 1920 emittitur.
542 1853 578 1917 Si
600 1856 705 1920 minue
727 1866 814 1918 reete
837 1850 978 1915 iudicatu
1000 1851 1084 1932 elia,
1106 1855 1171 1918 alia
1193 1876 1258 1922 non

151 1972 309 2061 perfecta,
342 1971 401 2037 sed
429 1974 579 2039 inchoata
610 1972 770 2051 viderint,
800 1970 922 2059 periton
945 1982 978 2031 et
1003 1969 1179 2037 benevolos
1200 1973 1260 2038 lra-

152 2110 224 2156 rutu
245 2089 410 2155 literarum
430 2093 671 2156 exirtimatoret
693 2103 728 2154 ut
748 2101 905 2154 excusent
927 2106 1019 2171 rogo.

234 2206 361 2272 Dabam
388 2206 584 2293 Regiumntii
616 2207 810 2273 l'rttstorum
839 2202 992 2270 calendie
1018 2201 1256 2274 Nouembrtbm

151 2327 229 2394 anni
249 2324 573 2393 ulncccxxxlv.
