2662 4836
144 302 177 344 Vl

141 463 232 534 cepto
253 451 404 514 universe
426 450 544 534 scripto
569 450 706 515 deiicere
729 453 882 517 absonmn
905 434 1081 518 videbatur.
1123 453 1187 518 Sed
1211 471 1243 519 et

141 572 266 652 quoties
295 568 432 655 quidque.
463 583 495 632 et
522 571 682 658 quomodo
714 593 894 634 connexum
927 594 997 635 cum
1026 571 1098 634 aliis
1131 573 1242 638 verbis

141 685 284 769 legatur,
304 688 409 759 retuli,
430 688 683 755 significationes
707 709 798 771 quam
823 690 908 770 potui
932 688 1082 772 religiosa
1104 691 1241 775 diligen·

140 807 185 867 tia
208 803 339 886 digessi,
363 804 585 888 pnuticularum
610 819 731 879 autent,
757 806 788 865 in
815 804 929 887 quibus
951 811 1065 870 rnirum
1089 824 1240 894 quantum

142 925 244 983 uranei
264 922 386 985 indices
407 940 491 1001 sunt,
516 931 569 1009 qui
592 945 675 986 nunc
697 936 843 998 exstant,
866 922 1241 1012 iilustrnmiatum*prae-

140 1038 265 1121 cipuam
285 1045 441 1104 rationem
463 1041 570 1104 habui,
613 1041 732 1105 Addidi
764 1044 859 1103 etiam
889 1055 921 1104 et
942 1041 1098 1106 vocabula
1120 1044 1241 1128 aliquot

141 1168 172 1215 et
194 1156 336 1239 integras
359 1156 528 1242 Sophoclis
551 1161 727 1221 sententias
756 1158 926 1244 quasdam,
958 1161 1117 1241 prioribus
1146 1167 1241 1226 iuter·

141 1272 281 1353 pratibus
302 1277 446 1358 ignotas;
469 1277 644 1339 cuiusmodi
669 1275 830 1338 uocabulis
856 1277 1035 1362 praeilxum
1058 1280 1184 1359 siguum
1201 1278 1240 1361 †

141 1388 288 1474 inprimis
312 1409 417 1456 autem
440 1409 587 1456 accurata
610 1416 709 1477 opera
731 1392 836 1456 dantia
858 1395 1026 1458 videbatur
1052 1395 1241 1457 referendae

139 1523 171 1568 et
204 1510 436 1594 expendendae
467 1510 612 1573 codicum
643 1524 676 1573 et
700 1510 840 1575 Aldinae
871 1512 1024 1575 editionis
1054 1515 1240 1596 scripturae,

139 1625 222 1708 qnod
246 1643 276 1688 et
300 1626 500 1710 intelligendi
523 1645 554 1693 et
577 1631 624 1692 rei
648 1634 875 1712 grauuuaticae
905 1631 1141 1716 persequendae
1169 1629 1240 1692 iun-

139 1741 320 1806 damcutum
343 1765 437 1809 esset.
486 1747 595 1812 liubin
615 1762 669 1810 aut
692 1754 783 1831 piane
808 1748 898 1812 nulla
927 1747 992 1810 fido
1022 1747 1173 1809 vocabula
1197 1748 1240 1808 si-

137 1878 202 1942 gno
224 1867 239 1895 ¹⁸
263 1877 372 1925 notatu
392 1880 478 1939 sunt,
493 1867 677 1927 coniectura
699 1866 862 1929 verisimili
885 1867 971 1930 iliata
991 1863 1110 1948 duplici
1129 1861 1239 1923 stellu-

137 1977 169 2041 la
190 1988 231 2044 ⁸⁸.
275 1979 438 2068 Distingui
468 1999 573 2046 auteur
599 2005 730 2047 necesse
751 2000 820 2047 erat
842 1983 1055 2046 diverbiorum
1087 1993 1119 2041 et
1141 1982 1240 2040 canti-

138 2084 245 2161 coium
269 2121 338 2162 cum
364 2103 518 2166 uocabula
541 2119 605 2164 tum
634 2102 773 2177 formas,
799 2125 857 2164 nec
888 2099 1042 2161 absoumu
1073 2095 1240 2159 videbatur

137 2216 232 2277 etiam
256 2220 469 2301 anapaesticis
494 2226 634 2282 muueris
664 2217 789 2303 prolata
816 2220 952 2289 relcr·re;
984 2217 1032 2276 his
1061 2210 1239 2274 indicandis

55 2328 59 2335 ’
136 2332 364 2410 additament„
390 2336 457 2407 τοῖς
475 2335 542 2399 cinti
559 2338 685 2415 σιηνῆς
704 2361 753 2413 nn,
766 2336 899 2399 canticis
915 2332 1050 2396 chor-icis
1066 2329 1112 2390 cle.
1143 2327 1239 2389 Prae·
1300 2401 1302 2405 Ι

138 2467 225 2514 terea
248 2465 391 2514 vetermu
415 2450 581 2516 doctorum
603 2461 849 2520 commentarios
872 2470 903 2514 et
930 2450 1037 2513 lexica
1067 2463 1100 2510 et
1130 2467 1239 2511 receu-

137 2570 250 2630 tiorum
276 2569 480 2650 interpretum
505 2573 612 2652 copias
635 2589 750 2656 quantu
778 2573 866 2655 potui
899 2549 1069 2650 diligentia
1100 2566 1240 2638 excussi,

137 2702 195 2745 neo
218 2703 328 2746 eorum
348 2685 501 2763 solorum,
525 2691 575 2771 qui
600 2687 640 2748 dc
665 2687 825 2770 Sophocle
848 2703 901 2750 aut
923 2687 1054 2767 tragicis
1074 2682 1154 2744 bene
1175 2703 1239 2743 rire-

136 2802 295 2872 ruisscnt3
322 2815 355 2862 ut
379 2825 459 2884 quae
482 2803 522 2866 ab
545 2804 608 2867 iiirs
630 2805 669 2866 de
691 2803 928 2888 significatione
950 2825 1063 2865 vocum
1085 2822 1241 2862 rueruora-

136 2918 286 2983 biiiorum
309 2916 412 3002 deque
438 2920 557 2991 irretita,
581 2925 755 3005 scriptura,
779 2937 930 2997 accentu,
951 2921 1066 3003 spiritu
1089 2917 1239 2979 traditmu

136 3054 222 3103 esset
244 3037 429 3099 adhiberem
454 3056 485 3100 et
509 3039 736 3113 diiudicarent,
761 3060 904 3123 quaeque
936 3035 976 3099 ab
1005 3037 1053 3098 his
1083 3034 1121 3096 ati
1153 3047 1239 3095 recta

135 3155 366 3234 intelligendos
390 3167 499 3236 poetas
523 3160 662 3240 tragicos
683 3171 715 3220 et
738 3155 931 3240 Sophoclem
951 3157 1151 3237 potissimum
1175 3153 1240 3214 col·

134 3274 342 3346 lauressam,
368 3274 399 3332 in
423 3295 514 3334 usum
539 3295 697 3337 vocarem.
735 3273 895 3335 Versuuut
915 3275 1036 3335 nunteri
1064 3270 1237 3331 liet-manni

135 3389 312 3452 editionum
333 3402 425 3462 suut3
457 3393 484 3452 ei
507 3394 590 3454 enim
619 3396 686 3455 ciro
711 3391 890 3475 Sophocles
912 3386 1121 3474 probabiliter
1150 3391 1240 3447 resti·

135 3521 221 3570 tutus
248 3508 387 3572 inaximo
410 3508 553 3574 debetur.
586 3512 638 3571 Sic
663 3524 694 3572 et
716 3507 813 3571 multu
836 3504 950 3568 meiius
972 3527 1021 3566 me
1044 3500 1238 3584 explicuisse

134 3624 261 3691 conlido
286 3641 318 3689 et
339 3626 462 3711 aliquot
483 3627 563 3690 iocis
585 3643 720 3711 poetam,
737 3622 881 3706 pluribus
903 3635 1027 3682 ueteres
1048 3621 1237 3704 interpretes

135 3761 167 3810 et
190 3744 338 3807 doctores
361 3744 538 3817 emendari,
561 3765 620 3804 nec
643 3763 722 3825 quae
744 3740 784 3801 ati
810 3737 893 3799 hunc
916 3754 1042 3821 poetam
1063 3737 1167 3800 solum
1191 3738 1237 3801 itt·

135 3881 244 3929 serent
267 3860 488 3924 ilustrandmu
512 3881 602 3942 quam
627 3857 811 3919 brevissimo
833 3857 980 3938 exposui,
1004 3854 1174 3918 sedetiam
1197 3854 1236 3917 ad

134 3999 312 4042 sennonem
334 3980 461 4039 atticum
481 3991 513 4037 et
535 3977 727 4058 tragicorum
753 3967 838 4037 recte¹
860 3971 1117 4053 cognoscendum
1136 3994 1236 4057 quan·

134 4109 200 4160 tum
230 4093 383 4178 perticere
410 4116 534 4178 possem
563 4090 708 4154 conierre
739 4093 855 4152 enixus
886 4113 965 4156 suut.
1008 4088 1100 4151 lianc
1133 4110 1233 4151 ruenni
1323 4170 1326 4175 b

134 4234 264 4299 operam
287 4215 313 4274 si
337 4211 475 4275 Sttnuuis
498 4208 682 4272 liutuuviris
697 4207 867 4273 inobecltio
891 4210 1089 4292 praeceptori
1113 4228 1179 4269 meo
1204 4221 1237 4268 et

134 4330 322 4398 Herruanuo
352 4328 481 4418 probari
506 4326 634 4406 videro,
664 4325 814 4392 idoneum
839 4347 889 4391 me
917 4323 1037 4391 laboris
1066 4328 1235 4410 praemium
