2662 4836
168 290 204 333 ttt

142 433 259 525 'quod
290 446 399 501 exstat
427 456 531 520 genus
560 433 720 522 quoddam
749 429 999 516 philologum,
1034 431 1089 517 qui
1121 453 1193 495 curu
1220 445 1278 498 aut
1306 412 1313 423 ⁸

172 552 317 615 nesciunt
338 565 394 616 aut
419 552 523 617 nolint
548 569 649 618 urtern
669 549 909 637 grauuuuticaru
939 549 1121 634 perdiscere
1149 549 1280 616 sobrio-

173 688 235 752 que
258 668 378 733 iudicio
409 693 537 756 opururn
563 673 659 749 dare,
690 685 721 731 et
745 667 806 751 ipsi
830 664 892 728 lroo
921 682 1020 751 agunt
1042 682 1074 731 et
1098 667 1280 753 discipulos

172 785 220 847 ita
246 789 435 864 instituunt,
465 805 499 851 ut
531 787 622 852 libris
645 787 718 851 aliis
750 800 782 848 et
813 783 886 847 aliis
916 788 1086 871 quotannis
1117 789 1150 848 iu
1171 783 1278 850 luceru

173 902 354 966 emittendis
372 906 578 989 scriptorum,
598 912 627 970 si
647 904 718 969 lieri
741 904 860 988 possit,
883 906 1023 966 oruuiuru
1041 901 1193 991 reliquias
1210 903 1277 967 col-

171 1017 294 1103 ligare,
315 1025 466 1089 historias
489 1025 613 1091 urbiuur
637 1037 669 1088 et
688 1024 851 1087 ciritatuur
873 1038 1067 1107 pertexee,
1095 1042 1167 1095 res,
1194 1022 1273 1100 iura,

171 1134 281 1219 legeS,
304 1142 450 1205 instituta
472 1141 602 1226 publica
622 1157 655 1205 et
677 1143 820 1225 priuata,
840 1140 950 1204 literas
969 1154 1003 1202 et
1024 1152 1108 1203 artes
1132 1153 1164 1201 et
1184 1138 1273 1224 quid-

172 1252 250 1336 quid
272 1255 313 1318 ud
331 1261 554 1347 antiquitatem
577 1261 754 1324 accuratius
774 1256 1030 1342 cognoscendam
1051 1263 1190 1340 pertinet
1212 1278 1278 1320 nun

172 1370 344 1453 diligenter
374 1376 621 1447 illustrandum.
654 1374 711 1437 sed
743 1374 856 1437 leviter
886 1373 1037 1453 inspectis
1067 1372 1278 1457 scriptoribus

171 1492 315 1553 ritttxiure
337 1494 495 1570 uerierunt,
519 1494 572 1578 qui
599 1508 770 1566 vocantur,
797 1488 920 1551 diritiis
943 1486 1153 1573 corupilandis
1174 1486 1280 1572 degu-

173 1607 323 1671 stantitun
352 1610 413 1673 sibi
444 1621 579 1673 saniant.
631 1607 675 1670 lli
708 1629 746 1672 ea
771 1621 902 1671 utuntur
931 1604 1100 1671 rariorum
1130 1605 1278 1688 uttrgnifi-

173 1725 292 1800 centia,
310 1741 345 1788 ut
367 1741 400 1789 et
424 1725 484 1789 soli
508 1725 569 1789 sibi
593 1723 703 1789 literas
722 1727 868 1810 antiquas
891 1726 1084 1809 cognovisse
1109 1724 1277 1787 uideantur

172 1852 207 1913 et
226 1843 337 1906 nativo
360 1844 496 1927 qnoduru
521 1844 641 1909 veriet
667 1842 788 1929 pulchri
813 1865 909 1909 sensu
936 1864 1009 1907 sese
1036 1842 1199 1926 praeditos
1229 1843 1278 1904 iu·

173 1969 278 2036 cient,
304 1982 367 2045 quo
391 1962 443 2046 qui
468 1963 641 2025 instructus
664 1983 726 2029 nun
746 1964 809 2038 uit,
838 1985 912 2025 etnu
940 1978 1026 2025 recte
1059 1960 1279 2044 intelligendis

172 2072 238 2145 illis
266 2074 362 2140 relius
392 2080 544 2161 iruparmn
574 2092 606 2141 et
636 2079 726 2165 quasi
757 2099 821 2143 non
860 2078 979 2143 locturu
1008 2100 1079 2142 essa
1109 2074 1279 2143 adiuuant.

171 2185 240 2253 latu
264 2195 348 2255 eninr
370 2193 411 2257 ad
435 2194 466 2261 itl
498 2210 684 2280 perventuro
714 2211 762 2259 est
791 2194 966 2273 audaciae,
999 2208 1034 2261 ut
1060 2217 1133 2257 euru
1164 2195 1277 2270 tirum,

173 2314 227 2394 qui
247 2306 288 2371 tic
311 2324 377 2375 tota
398 2314 587 2397 antiquituto
609 2317 710 2399 perite
733 2311 948 2379 existimanda
969 2311 1091 2396 ingenii
1119 2313 1277 2384 ucuruine,

171 2424 334 2495 iudicandi
358 2428 522 2509 collui-tiu,
552 2431 716 2517 praeclare
745 2433 889 2517 scriptia,
916 2429 1144 2512 discipulorum
1173 2420 1278 2487 ruolti-

172 2541 284 2611 tudina
304 2546 348 2608 itu
372 2551 507 2627 meruit,
529 2563 566 2613 ut
586 2570 682 2633 pares
704 2570 841 2634 paucos,
863 2550 1061 2633 superiorem
1083 2543 1200 2611 httbeat
1222 2562 1278 2604 ne-

172 2659 291 2721 ruinetn
313 2698 350 2709 ·—
382 2676 418 2727 ut
445 2686 537 2737 etun,
568 2668 718 2751 inqtraru,
750 2686 809 2731 noc
835 2679 1001 2749 poctarum
1027 2677 1171 2727 vernum
1202 2661 1280 2723 artis

172 2779 359 2855 universae,
383 2798 442 2841 nec
463 2780 663 2864 singulorum
684 2780 840 2846 dictoruur
862 2794 948 2843 recto
970 2794 1208 2868 perspectoruur
1223 2775 1279 2837 tlo-

173 2909 320 2961 curneuta
346 2897 413 2963 ulla
441 2896 569 2960 dedisse
592 2894 731 2963 fidenter
753 2898 880 2985 quidatu
902 2894 1147 2980 pronuntiarint.
1189 2889 1281 2957 Ridi-

174 3011 257 3079 cule.
278 3016 395 3099 inquis.
438 3013 560 3079 Vcruur
584 3010 643 3078 esi.
684 3016 750 3081 Setl
771 3018 846 3101 quia
867 3013 983 3099 uulgus
1005 3035 1045 3076 ea
1064 3008 1198 3074 audacia
1222 3005 1280 3069 de-

110 3131 114 3141 “
175 3130 239 3215 cipi
261 3154 333 3196 seso
349 3134 482 3219 patitur,
500 3147 532 3195 et
553 3133 679 3201 fortiter
698 3150 810 3199 contra
827 3136 940 3197 inanes
961 3152 1039 3194 suae
1063 3129 1280 3214 praesumtae

166 3246 343 3313 ductatores
367 3249 592 3334 pugnandum,
620 3264 652 3313 et
675 3251 707 3320 id
737 3254 902 3336 agendum·
921 3249 1065 3326 ridetur,
1089 3262 1123 3308 ut
1143 3244 1282 3327 diligen-

175 3379 225 3433 ter
253 3367 447 3431 exercendis
475 3364 598 3430 artibus
626 3370 737 3437 critica
766 3382 798 3433 et
825 3367 1053 3453 grammatica,
1081 3364 1282 3446 antiquitatis

175 3484 280 3545 cntnis
314 3482 558 3567 cognoscendae
589 3483 752 3566 lontibus,
785 3501 892 3553 tantae
922 3481 1078 3544 bnnurunt
1115 3480 1281 3549 literaruru

175 3599 327 3684 perniciei
358 3600 543 3667 obsistatur.
593 3601 715 3669 Verurn
739 3617 824 3666 artes
853 3598 930 3666 illae
961 3618 1023 3661 non
1056 3601 1133 3661 satis
1162 3615 1282 3664 certatur

176 3716 259 3775 riarn
290 3714 455 3791 insistent,
489 3719 549 3780 nisi
581 3720 733 3781 ruateriea
761 3730 836 3785 ante
859 3733 1014 3800 congesta
1043 3716 1203 3781 iudicandi
1228 3721 1281 3798 ait,

176 3848 236 3891 nec
258 3833 336 3893 satis
356 3830 541 3915 prolicietur
569 3836 601 3897 in
621 3837 770 3904 universa
793 3836 929 3919 qrrntlatu
953 3834 1064 3919 lingua
1084 3857 1281 3919 coguoscen-

177 3944 235 4022 da,
268 3949 330 4010 nisi
357 3946 555 4030 singularum
590 3965 729 4019 uetaturu
760 3968 792 4014 et.
822 3957 1063 4038 praecipuorum
1090 3954 1278 4038 scriptorum

177 4082 257 4129 usus
286 4076 318 4127 ct
347 4064 437 4149 qrutai
471 4062 562 4150 leges
591 4069 748 4132 serutonis
778 4086 923 4135 accurate
958 4070 1176 4154 explorentur.
1226 4066 1280 4131 Ad

178 4178 259 4243 hanc
284 4202 352 4245 reru
374 4194 408 4245 ut
433 4197 584 4267 quantuni
608 4188 640 4247 in
664 4205 715 4247 rue
737 4202 787 4251 est
808 4189 1006 4266 conferrent,
1037 4204 1113 4255 antu
1141 4187 1200 4249 lios
1228 4205 1280 4248 se·

145 4326 149 4331 ·
181 4311 264 4380 ptetn
286 4318 388 4363 aanor
409 4300 556 4367 lexicon
579 4298 786 4386 Sophocleum
800 4326 991 4395 corrtponerc
1011 4324 1183 4393 aggressus
1198 4324 1279 4369 auru.
